<?xml version="1.0" encoding="utf-8"?>
<record xmlns="http://www.loc.gov/MARC21/slim" xmlns:xsi="http://www.w3.org/2001/XMLSchema-instance" xsi:schemaLocation="http://www.loc.gov/MARC21/slim http://www.loc.gov/standards/marcxml/schema/MARC21slim.xsd">
	<leader>     nam a22     Mi 4500</leader>
	<controlfield tag="001">822491</controlfield>
	<controlfield tag="003">NjP</controlfield>
	<controlfield tag="006">m        d        </controlfield>
	<controlfield tag="007">cr cn |||m|||a</controlfield>
	<controlfield tag="008">180814s1929    iq      o     000 0 ara d</controlfield>
	<datafield ind1="7" ind2=" " tag="024">
		<subfield code="a">princeton_aco001174</subfield>
		<subfield code="2">local</subfield>
	</datafield>
	<datafield ind1=" " ind2=" " tag="040">
		<subfield code="a">ZYU</subfield>
		<subfield code="b">eng</subfield>
		<subfield code="c">ZYU</subfield>
	</datafield>
	<datafield ind1=" " ind2="4" tag="050">
		<subfield code="a">BP170.85</subfield>
		<subfield code="b">.M56 1929</subfield>
	</datafield>
	<datafield ind1=" " ind2=" " tag="079">
		<subfield code="a">ocm28545240</subfield>
	</datafield>
	<datafield ind1="0" ind2="0" tag="245">
		<subfield code="6">880-01</subfield>
		<subfield code="a">Minhaj al-tabshīr</subfield>
		<subfield code="h">[electronic resource] :</subfield>
		<subfield code="b">yataḍammana tafṣīl shuʼūn al-jāmiʻah al-Islāmīyah al-mubārak (Madrasat al-Wāʻiẓīn) al-muʼassasah fī (Lakʹhnaw) min bilād al-Hind : wa-yabḥathu ʻan shaʻbihā wa-dawāʼirihā wa-siyarihā fī manāhij al-daʻwah wa-al-tabshīr /</subfield>
		<subfield code="c">bi-lisān al-Jamʻīyah al-ʻĀmilah li-Madrasat al-Wāʻiẓīn.</subfield>
	</datafield>
	<datafield ind1=" " ind2=" " tag="260">
		<subfield code="6">880-02</subfield>
		<subfield code="a">al-Najaf :</subfield>
		<subfield code="b">al-Maṭbaʻah al-Ḥaydarīyah,</subfield>
		<subfield code="c">1348 [1929 or 1930]</subfield>
	</datafield>
	<datafield ind1=" " ind2=" " tag="300">
		<subfield code="a">online resource (32 p.)</subfield>
	</datafield>
	<datafield ind1=" " ind2=" " tag="500">
		<subfield code="a">Cover title.</subfield>
	</datafield>
	<datafield ind1=" " ind2=" " tag="500">
		<subfield code="a">Part of the Arabic Collections Online (ACO) project, contributed by Princeton University Libraries.</subfield>
	</datafield>
	<datafield ind1=" " ind2=" " tag="533">
		<subfield code="a">Electronic reproduction.</subfield>
		<subfield code="b">New York, N.Y. :</subfield>
		<subfield code="c">New York University,</subfield>
		<subfield code="d">2018.</subfield>
		<subfield code="5">NNU</subfield>
	</datafield>
	<datafield ind1=" " ind2="0" tag="650">
		<subfield code="a">Islam</subfield>
		<subfield code="x">Missions.</subfield>
	</datafield>
	<datafield ind1="2" ind2=" " tag="710">
		<subfield code="6">880-03</subfield>
		<subfield code="a">Madrasat al-Wāʻiẓīn (Lucknow, India).</subfield>
		<subfield code="b">Jamʻīyah al-ʻĀmilah.</subfield>
	</datafield>
	<datafield ind1="2" ind2=" " tag="710">
		<subfield code="a">Princeton University.</subfield>
		<subfield code="b">Library.</subfield>
	</datafield>
	<datafield ind1="0" ind2=" " tag="730">
		<subfield code="a">Arabic Collections Online.</subfield>
	</datafield>
	<datafield ind1="0" ind2="8" tag="776">
		<subfield code="i">Print version:</subfield>
		<subfield code="t">Minhaj al-tabshīr</subfield>
		<subfield code="w">(NjP)822491</subfield>
	</datafield>
	<datafield ind1="4" ind2="0" tag="856">
		<subfield code="u">http://hdl.handle.net/2333.1/brv15md2</subfield>
	</datafield>
	<datafield ind1="0" ind2="0" tag="880">
		<subfield code="6">245-01</subfield>
		<subfield code="a">منهج التبشير :‎‎‎</subfield>
		<subfield code="b">يتضمن تفصيل شؤون الجامعة الاسلامية المبارك (مدرسة الواعظين) المؤسسة في (لكهنو) من بلاد الهند : ويبحث عن شعبها ودوائرها وسيرها في مناهج الدعوة والتبشير /‎‎‎</subfield>
		<subfield code="c">بلسان الجمعية العاملة لمدرسة الواعظين.‎‎‎</subfield>
	</datafield>
	<datafield ind1=" " ind2=" " tag="880">
		<subfield code="6">260-02</subfield>
		<subfield code="a">النجف :‎‎‎</subfield>
		<subfield code="b">المطبعة الحيدرية،‎‎‎</subfield>
		<subfield code="c">1348 [1929 or 1930]</subfield>
	</datafield>
	<datafield ind1="2" ind2=" " tag="880">
		<subfield code="6">710-03</subfield>
		<subfield code="a">مدرسة الواعظين (لكنو، اند).‎‎‎</subfield>
		<subfield code="b">جمعية العاملة.‎‎‎</subfield>
	</datafield>
	<datafield ind1=" " ind2=" " tag="911">
		<subfield code="a">19930731</subfield>
	</datafield>
	<datafield ind1=" " ind2=" " tag="912">
		<subfield code="a">19930721000000.0</subfield>
	</datafield>
	<datafield ind1=" " ind2=" " tag="959">
		<subfield code="a">NNU</subfield>
		<subfield code="b">WEB</subfield>
		<subfield code="c">GENI</subfield>
		<subfield code="t">0</subfield>
		<subfield code="m">Electronic access</subfield>
		<subfield code="s">01</subfield>
	</datafield>
	<datafield ind1=" " ind2=" " tag="999">
		<subfield code="a">822491</subfield>
		<subfield code="e">(ERROR-MISC)</subfield>
		<subfield code="i">NjP_822491</subfield>
		<subfield code="s">princeton_aco001174</subfield>
	</datafield>
</record>
